@comment{This file is used to store literature referenses for my after-defense period of life}

@book{dandamudi2005guide,
  title={Guide to {RISC} Processors: For Programmers and Engineers},
  author={Dandamudi, S.P.},
  isbn={9780387210179},
  lccn={2004051373},
  url={http://books.google.com/books?id=-k8bP3HMUNkC},
  year={2005},
  publisher={Springer}
}

@book{openmp-40,
    title={{OpenMP} Application Program Interface. Version 4.0},
    year=2013,
    organization={ {OpenMP} Architecture Review Board},
    url={http://www.openmp.org/mp-documents/OpenMP4.0.0.pdf},
    numpages = {320},
}

@book{sayood2002lossless,
  title={Lossless Compression Handbook},
  author={Sayood, K.},
  isbn={9780080510491},
  series={Communications, Networking and Multimedia},
  url={http://books.google.co.uk/books?id=LjQiGwyabVwC},
  year={2002},
  publisher={Elsevier Science},
  numpages = 454,
  
}

@INPROCEEDINGS{Porter07isthe,
    author = {Donald E. Porter and Owen S. Hofmann and Emmett Witchel},
    title = {Is the optimism in optimistic concurrency warranted?},
    booktitle = {In HotOS},
    year = {2007},
    numpages={6},
    url={http://z.cs.utexas.edu/users/osa/metatm/pubs/hotos07.pdf},
	urldate = {2013-08-29},
}


@book{wininternals6-pt1,
    title = {{Windows Internals, 6th Edition, Part 1}},
    author = {Russinovich M. and Solomon D. and Ionescu A.},
    year = 2012,
    publisher = {Microsoft Press},
    ISBN = {978-0-7356-4873-9},
    numpages = 752,
}

@book{wininternals6-pt2,
    title = {{Windows Internals, 6th Edition, Part 2}},
    author = {Russinovich M. and Solomon D. and Ionescu A.},
    year = 2012,
    publisher = {Microsoft Press},
    ISBN = {978-0-7356-6587-3},
    numpages = 672,
}

@book{fujimoto-parallel-dist-sim,
 author = {Fujimoto, Richard M.},
 title = {Parallel and Distributed Simulation Systems},
 year = {2000},
 isbn = {0471183830},
 edition = {1st},
 publisher = {John Wiley \& Sons, Inc.},
 address = {New York, NY, USA},
} 


@article{fujimoto-pdes-1989,
    author = {Richard M. Fujimoto},
    title = {Parallel discrete event simulation},
    conference= {1989 Winter Simulation Conference Proceedings},
    year = 1989,
    pages = {19--28}, 
    ISBN= {0-911801-58-8},    
}


@MISC{Liu09paralleldiscrete-event,
    author = {Jason Liu},
    title = {Parallel Discrete-Event Simulation},
    year = {2009},
    url = {http://www.cis.fiu.edu/~liux/research/papers/pdes-eorms09.pdf},
	urldate = {2013-09-01},
}


@book{Herlihy:2008:AMP:1734069,
 author = {Herlihy, Maurice and Shavit, Nir},
 title = {The Art of Multiprocessor Programming},
 year = {2008},
 isbn = {0123705916, 9780123705914},
 publisher = {Morgan Kaufmann Publishers Inc.},
 address = {San Francisco, CA, USA},
} 

@book{Andrews:1999:FPD:519301,
 author = {Andrews, Greg R},
 title = {Foundations of Parallel and Distributed Programming},
 year = {1999},
 isbn = {0201357526},
 edition = {1st},
 publisher = {Addison-Wesley Longman Publishing Co., Inc.},
 address = {Boston, MA, USA},
} 


@misc{habr-atomics,
    title = {Atomic operations},
    author = {Роман Зайцев},
    url={http://habrahabr.ru/post/157163/},
    year = 2012,
    urldate = {2013-09-01},
}

@misc{habr-lock-free,
    title = {Lock-free структуры данных. Основы: Атомарность и атомарные примитивы},
    author = {Максим Хижинский},
    url = {http://habrahabr.ru/company/ifree/blog/195948/},
    urldate = {2013-10-11},
}

@inproceedings{DBLP:conf/pads/PeschlowHM07,
  author    = {Patrick Peschlow and
               Tobias Honecker and
               Peter Martini},
  title     = {A Flexible Dynamic Partitioning Algorithm for Optimistic
               Distributed Simulation},
  booktitle = {PADS},
  year      = {2007},
  pages     = {219-228},
  ee        = {http://doi.ieeecomputersociety.org/10.1109/PADS.2007.6},
  crossref  = {DBLP:conf/pads/2007},
  bibsource = {DBLP, http://dblp.uni-trier.de},
  urldate = {2013-09-01},
}
@proceedings{DBLP:conf/pads/2007,
  title     = {21st International Workshop on Principles of Advanced and
               Distributed Simulation, PADS'07, San Diego, California,
               USA, June 12-15, 2007},
  booktitle = {PADS},
  publisher = {IEEE Computer Society},
  year      = {2007},
  isbn      = {0-7695-2898-8},
  bibsource = {DBLP, http://dblp.uni-trier.de}
}

@article{cellular-disco,
 author = {Govil, Kinshuk and Teodosiu, Dan and Huang, Yongqiang and Rosenblum, Mendel},
 title = {Cellular {Disco}: resource management using virtual clusters on shared-memory multiprocessors},
 journal = {ACM Trans. Comput. Syst.},
 issue_date = {Aug. 2000},
 volume = {18},
 number = {3},
 month = aug,
 year = {2000},
 issn = {0734-2071},
 pages = {229--262},
 numpages = {34},
 url = {http://doi.acm.org/10.1145/354871.354873},
 doi = {10.1145/354871.354873},
 acmid = {354873},
 publisher = {ACM},
 address = {New York, NY, USA},
 keywords = {fault containment, resource managment, scalable multiprocessors, virtual machines},
 urldate = {2013-09-01},
	
} 

@misc{vsmp-foundation-free,
	organization = {ScaleMP},
	title = {{vSMP} Foundation Free},
	url = {http://www.scalemp.com/products/vsmp-foundation-free/},
	urldate = {2013-09-01},
	year = 2013,
}

@misc{arm-atomics,
	organization = {ARM},
	title = {{ARM} Synchronization Primitives Development Article. Appendix A. {SWP} and {SWPB}},
	url = {http://infocenter.arm.com/help/index.jsp?topic=/com.arm.doc.dht0008a/CJHIGEFG.html},
	urldate = {2013-09-01},
}

@article{Herlihy:1991:WS:114005.102808,
 author = {Herlihy, Maurice},
 title = {Wait-free synchronization},
 journal = {ACM Trans. Program. Lang. Syst.},
 issue_date = {Jan. 1991},
 volume = {13},
 number = {1},
 month = jan,
 year = {1991},
 issn = {0164-0925},
 pages = {124--149},
 numpages = {26},
 url = {http://doi.acm.org/10.1145/114005.102808},
 doi = {10.1145/114005.102808},
 acmid = {102808},
 publisher = {ACM},
 address = {New York, NY, USA},
 keywords = {linearization, wait-free synchronization},
} 

@article{jensen:load-linked,
  author	= {Jensen, Eric H. and Hagensen, Gary W. and Broughton, Jeffrey M.},
  title		= {A New Approach to Exclusive Data Access in Shared Memory Multiprocessors},
  number	= {Technical Report UCRL-97663},
  month		= {Nov},
  year		= {1987},
  url = {https://e-reports-ext.llnl.gov/pdf/212157.pdf},
  urldate = {2013-09-01},
}


@article{aba-problem,
	address = {Los Alamitos, CA, USA},
	author = {Damian Dechev and Peter Pirkelbauer and Bjarne Stroustrup},
	doi = {10.1109/ISORC.2010.10},
	issn = {1555-0885},
	journal = {2008 11th IEEE International Symposium on Object and Component-Oriented Real-Time Distributed Computing (ISORC)},
	pages = {185–192},
	publisher = {IEEE Computer Society},
	title = {{Understanding and Effectively Preventing the {ABA} Problem in Descriptor-Based Lock-Free Designs}},
	volume = {0},
	year = {2010},
	url = {http://www.stroustrup.com/isorc2010.pdf},
	urldate = {2013-09-01},
}

@ARTICLE{Adve96sharedmemory,
    author = {Sarita V. Adve and Kourosh Gharachorloo},
    title = {Shared memory consistency models: A tutorial},
    journal = {IEEE Computer},
    year = {1996},
    volume = {29},
    pages = {66--76},
    url = {http://www.hpl.hp.com/techreports/Compaq-DEC/WRL-95-7.pdf},
    urldate = {2013-09-02},
    doi = {10.1.1.106.5742},
}


@misc{itanium-mem-order,
	organization = {Intel Corporation},
	title = {A Formal Specification of {Intel}® {Itanium}® Processor Family Memory Ordering},

	month = {October},
	year = 2002,
	numpages = 34,
	url = {http://download.intel.com/design/itanium/downloads/25142901.pdf},
	urldate = {2013-09-03},
}

@book{toporkov2004,
    author = {Топорков В.В.},
    title = {Модели распределенных вычислений},
    publisher = {Физматлит},
    city = {Москва},
    year = 2004,
    numpages = 320,
    isbn = {5-9221-0495-0},
    
}

@book{ferscha-1995-pdes,
	author = {Alois Ferscha},
    title = {Parallel and Distributed Simulation of Discrete Event Systems},
    year = {1995},
    numpages = {65},
	url = {http://citeseerx.ist.psu.edu/viewdoc/download;jsessionid=0D07CB3110B890F247E12489F3264E62?doi=10.1.1.19.6226&rep=rep1&type=pdf},
	urldate = {2013-09-21},
}

@misc{sgi-uv,
	organization = {SGI},
	title = {{SGI UV}: Big Brain for No-Limit Computing},
	url = {http://www.sgi.com/products/servers/uv/},
	urldate = {2013-09-03},
	year = 2013,
}

@article{virtual-time,
	title = {Virtual Time},
	author = {David R. Jefferson},
	year = 1985,
	pages={404--425},
	journal = {ACM Transactions on Programming Languages and Systems},
	volume = 7,
	number = 3,
	
}

@inproceedings{Agesen:2012:STA:2342821.2342856,
    author = {Agesen, Ole and Mattson, Jim and Rugina, Radu and Sheldon, Jeffrey},
    title = {Software techniques for avoiding hardware virtualization exits},
    booktitle = {Proceedings of the 2012 USENIX conference on Annual Technical Conference},
    series = {USENIX ATC'12},
    year = {2012},
    location = {Boston, MA},
    pages = {35--35},
    numpages = {1},
    url = {https://www.usenix.org/system/files/conference/atc12/atc12-final158.pdf},
    urldate = {2013-10-04},
    acmid = {2342856},
    publisher = {USENIX Association},
    address = {Berkeley, CA, USA},
} 

@INPROCEEDINGS{recursive-virt-poon,
    author={Wing-Chi Poon and Mok, A.K.},
    booktitle={System Science (HICSS), 2012 45th Hawaii International Conference on},
    title={Improving the Latency of {VMExit} Forwarding in Recursive Virtualization for the x86 Architecture},
    year={2012},
    pages={5604-5612},
    keywords={instruction sets;virtual machines;VMExit forwarding latency;hardware extension;hypervisors hierarchy;instruction set architectures;recursive virtualization;virtual machine;x86 architecture;Clocks;Hardware;Registers;Servers;Software;Virtual machine monitors;Virtual machining;VMExit performance;hardware extension;interrupt and exception forwarding;recursive virtualization},
    doi={10.1109/HICSS.2012.320},
    ISSN={1530-1605},
}

@misc{lustrefs,
	title = {LustreFS},
	organization = {Xyratex},
	year = 2013,
	url= {http://lustre.org/},
	urldate = {2013-09-08},
}

@INPROCEEDINGS{gpfs2002,
    author = {Frank Schmuck and Roger Haskin},
    title = {{GPFS}: A Shared-Disk File System for Large Computing Clusters},
    booktitle = {In Proceedings of the 2002 Conference on File and Storage Technologies (FAST},
    year = {2002},
    pages = {231--244},
	url = {https://www.cct.lsu.edu/~kosar/csc7700-fall06/papers/Schmuck02.pdf},
	urldate = {2013-09-08},
}

@techreport{em2-migration,
	title = {Instruction-Level Execution Migration},
	author = {Omer Khan and Mieszko Lis and Srinivas Devadas},
	organization = {MIT},
	number = {MIT-CSAIL-TR-2010-019},
	year = 2010,
	numpages = {15},
	url = {http://dspace.mit.edu/bitstream/handle/1721.1/53748/MIT-CSAIL-TR-2010-019.pdf},
	urldate = {2013-09-08}
}

@article{Cain:2013:RAS:2508148.2485942,
 author = {Cain, Harold W. and Michael, Maged M. and Frey, Brad and May, Cathy and Williams, Derek and Le, Hung},
 title = {Robust architectural support for transactional memory in the POWER architecture},
 journal = {SIGARCH Comput. Archit. News},
 issue_date = {June 2013},
 volume = {41},
 number = {3},
 month = jun,
 year = {2013},
 issn = {0163-5964},
 pages = {225--236},
 numpages = {12},
 url = {http://doi.acm.org/10.1145/2508148.2485942},
 doi = {10.1145/2508148.2485942},
 acmid = {2485942},
 publisher = {ACM},
 address = {New York, NY, USA},
} 

@inproceedings{6493605,
    author={Jacobi, C. and Slegel, T. and Greiner, D.},
    booktitle={Microarchitecture (MICRO), 2012 45th Annual IEEE/ACM International Symposium on},
    title={Transactional Memory Architecture and Implementation for {IBM} {System Z}},
    year={2012},
    pages={25-36},
    keywords={cache storage;instruction sets;memory architecture;cache design;enterprise class software RAS;instruction set architecture features;microprocessor generation;multiprocessor shared memory infrastructure;next generation IBM system z CPU;transactional memory architecture},
    doi={10.1109/MICRO.2012.12},
    ISSN={1072-4451},
}

@book{ivanov-theorphys,
    author = {М.Г.~Иванов},
    title = {Как понимать квантовую механику},
    year = {2012},
    numpages = {516},
    url = {http://mezhpr.fizteh.ru/biblio/q-ivanov.html},
    urldate = {2013-09-18},
    publisher = {РХД},
    city = {М.--Ижевск},
    ISBN ={978-5-93972-944-4},
}

@article{dotmix,
 author = {Leiserson, Charles E. and Schardl, Tao B. and Sukha, Jim},
 title = {Deterministic parallel random-number generation for dynamic-multithreading platforms},
 journal = {SIGPLAN Not.},
 issue_date = {August 2012},
 volume = {47},
 number = {8},
 month = feb,
 year = {2012},
 issn = {0362-1340},
 pages = {193--204},
 numpages = {12},
 url = {http://doi.acm.org/10.1145/2370036.2145841},
 doi = {10.1145/2370036.2145841},
 acmid = {2145841},
 publisher = {ACM},
 address = {New York, NY, USA},
 keywords = {cilk, determinism, dynamic multithreading, nondeterminism, parallel computing, pedigree, random-number generator},
} 


@misc{intel-isa-extensions,
	organization = {Intel Corporation},
	title = {Intel® Architecture Instruction Set Extensions Programming Reference},
	url = {http://software.intel.com/sites/default/files/319433-015.pdf},
	urldate = {2013-09-28},
	numpages = 934,
	year = 2013,
}

@book{transactional-memory-2010,
 author = {Harris, Tim and Larus, James and Rajwar, Ravi},
 title = {Transactional Memory, 2nd Edition},
 year = {2010},
 isbn = {1608452352, 9781608452354},
 edition = {2nd},
 publisher = {Morgan and Claypool Publishers},
} 

@misc{intel-stm,
	organization = {Intel Corporation},
	title = {ntel® {C++} {STM} Compiler, Prototype Edition},
	url = {http://software.intel.com/en-us/articles/intel-c-stm-compiler-prototype-edition},
	urldate = {2013-09-28},
}


@inproceedings{helmstetter2011,
  author = {Claude Helmstetter and Vania Joloboff and Zhou Xinlei and Gao Xiaopeng},
  title = {Fast Instruction Set Simulation Using {LLVM}-based Dynamic Translation},
  booktitle = {International MultiConference of Engineers and Computer Scientists 2011},
  publisher = {Springer},
  year = {2011},
  volume = {2188},
  pages = {212-216},
  url = {http://hal.inria.fr/hal-00646947}
}


@ARTICLE{rock-cmt, 
 author={Chaudhry, S. and Cypher, R. and Ekman, M. and Karlsson, M. and Landin, A. and Yip, S. and Zeffer, Håkan and Tremblay, M.}, 
 journal={Micro, IEEE}, 
 title={Rock: A High-Performance Sparc {CMT} Processor}, 
 year={2009}, 
 volume={29}, 
 number={2}, 
 pages={6-16}, 
 keywords={multi-threading;software architecture;aggressive dynamic hardware parallelization;automatic hardware;checkpoint-based architecture;high-performance Sparc CMT processor;sequential instruction stream;software threads;third-generation chip-multithreading processor;transactional memory;Bandwidth;Computer architecture;Control systems;Hardware;Out of order;Parallel processing;Random access memory;Retirement;Throughput;Yarn;integration and modeling;multicore/single-chip multiprocessors;multithreaded processors;parallel architectures;processor architectures;speculative multithreading;system architectures}, 
 doi={10.1109/MM.2009.34}, 
 ISSN={0272-1732},
}

@misc{lwn-elision,
	title = {Lock elision in the {GNU C} library},
	author = {Andi Kleen},
	url = {http://lwn.net/Articles/533894/},
	urldate = {2013-09-28},		
}

@misc{vt-nuts-bolts,
    title = {Hardware Virtualization: the Nuts and Bolts},
    author = {Johan De Gelas},
    url = {http://www.anandtech.com/print/2480/},
    urldate = {2013-04-11},
    year = {2008},
}

@book{eac2011,
 author = {Torczon, Linda and Cooper, Keith},
 title = {Engineering A Compiler},
 year = {2011},
 isbn = {012088478X},
 edition = {2nd},
 publisher = {Morgan Kaufmann Publishers Inc.},
 address = {San Francisco, CA, USA},
 numpages = {825},
}

@article{turtles,
    author = {Muli Ben-Yehuda and Michael D. Day and Zvi Dubitzky and Michael Factor and Nadav Har’El and Abel Gordon and Anthony Liguori and Orit Wasserman and Ben-Ami Yassour},
    title = {The {Turtles} Project: Design and Implementation of Nested Virtualization}, 
    conference = {9th USENIX Symposium on Operating Systems Design and Implementation},
    month = {October},
    year = 2010, 
    city = {Vancouver}, 
    pages = {423--436},
    url = {http://www.usenix.org/event/osdi10/tech/full_papers/Ben-Yehuda.pdf},
    urldate = {2013-10-07},
}

@article{vm370,
    author = {R. J. Creasy},
    title = {The Origin of the {VM/370} Time-Sharing System}, 
    journal = {IBM Journal of Research and Development},
    number = {25(5)},
    pages ={483--490},
    month = {September},
    year = 1981,
    urldate = {2013-10-07},
    url={https://www.usenix.org/legacy/event/osdi10/tech/full_papers/Ben-Yehuda.pdf},
}

@article{Osisek:1991:EIA:106229.120150,
 author = {Osisek, D. L. and Jackson, K. M. and Gum, P. H.},
 title = {{ESA/390} interpretive-execution architecture, foundation for {VM/ESA}},
 journal = {IBM Syst. J.},
 issue_date = {1991},
 volume = {30},
 number = {1},
 month = feb,
 year = {1991},
 issn = {0018-8670},
 pages = {34--51},
 numpages = {18},
 url = {http://dx.doi.org/10.1147/sj.301.0034},
 doi = {10.1147/sj.301.0034},
 acmid = {120150},
 publisher = {IBM Corp.},
 address = {Riverton, NJ, USA},
} 

@misc{sie-comp-arch,
    author = {Andy Glew},
    title = {{SIE}},
    url = {http://semipublic.comp-arch.net/wiki/SIE},
    urldate = {2013-10-09},
    year = 2012,
}

@inproceedings{sepp12gdsl,
  author = {A. Sepp and J. Kranz and A. Simon},
  title = {{GDSL}: {A} {G}eneric {D}ecoder {S}pecification {L}anguage for {I}nterpreting {M}achine {L}anguage},
  booktitle = {Tools for Automatic Program Analysis},
  month = {September},
  year = 2012,
  pages = {53-64},
  series = {ENTCS},
  volume = {289},
  publisher = {Springer},
  address = {Deauville, France},
}

@misc{flex-manual,
    title = {Lexical Analysis With {Flex}},
    url={http://flex.sourceforge.net/manual/},
    urldate = {2013-10-09},
    year = 2013,
}


@book{itanium-sdm,
    title = {Intel® Itanium® Architecture Software Developer's Manual},
    organization = {Intel Corporation},
    year = 2010,
    url = {http://www.intel.com/content/dam/doc/manual/itanium-architecture-vol-1-2-3-4-reference-set-manual.pdf},
    urldate = {2013-10-10},
    numpages = 1898,
}

@misc{simpoint-cite,
    title = {{SimPoint}},
    organization = {University of California},
    url = {http://cseweb.ucsd.edu/~calder/simpoint/},
    urldate = {2013-10-12},
}

@inproceedings{simpoint-paper,
 author = {Sherwood, Timothy and Perelman, Erez and Hamerly, Greg and Calder, Brad},
 title = {Automatically characterizing large scale program behavior},
 booktitle = {Proceedings of the 10th international conference on Architectural support for programming languages and operating systems},
 series = {ASPLOS X},
 year = {2002},
 isbn = {1-58113-574-2},
 location = {San Jose, California},
 pages = {45--57},
 numpages = {13},
 url = {http://doi.acm.org/10.1145/605397.605403},
 doi = {10.1145/605397.605403},
 acmid = {605403},
 publisher = {ACM},
 address = {New York, NY, USA},
} 

@book{structured-parallel,
    title = {Structured Parallel Programming},
    author = {McCool M. and Robison A.D. and Reinders J.},
    year = 2012,
    numpages = {433},
    publisher = {Elsevier},
    ISBN = {978-0-12-415993-8},
    note = {http://lib.mipt.ru/book/283200/},
}

@misc{xml-std,
    title = {Extensible Markup Language {(XML)} 1.0 (Fifth Edition)},
    organization = {W3C},
    year = 2008,
    url={http://www.w3.org/TR/REC-xml/},
    urldate = {2013-10-13},
}

@misc{json-std,
    title = {Введение в {JSON}},
    year = 2013,
    url = {http://www.json.org/json-ru.html},
    urldate = {2013-10-13},
}

@misc{csv-rfc,
    howpublished = {RFC 4180},
    number = 4180,
    title = {Common Format and {MIME} Type for Comma-Separated Values {(CSV)} Files},
    author = {Y. Shafranovich},
    organization = {Internet Engineering Task Force},
    publisher = {IETF},
    series = {{Request for Comments}},
    year = 2005,
    url = {http://tools.ietf.org/rfc/rfc4180.txt},
    urldate = {2013-10-14},
}

@phdthesis{ parsec,
  author = {Christian Bienia},
  title = {Benchmarking Modern Multiprocessors},
  school = {Princeton University},
  year      = {2011},
  month     = {January},
}

@misc{whymb,
    author = {Paul E. Mckenney},
    title = {Memory Barriers: a Hardware View for Software Hackers},
    year = {2010},
    url = {http://www.rdrop.com/users/paulmck/scalability/paper/whymb.2010.07.23a.pdf},
    urldate = {2013-10-17},
    numpages = {28},
}

@misc{intel-64-memory-ordering,
    organization = {Intel Corporation},
    title = {Intel 64 Architecture Memory Ordering White Paper},
    year = 2007,
    numpages = 13,
    url = {www.multicoreinfo.com/research/papers/2008/damp08-intel64.pdf},
    urldate = {2013-10-18},
    note = {Включён в состав Intel IA-32 SDM},
}

@book{valgrind,
    title=  {Valgrind 3.3 — Advanced Debugging and Profiling for {GNU}/Linux applications},
    author = {J. Seward and N. Nethercote and J. Weidendorfer and {the Valgrind Development Team}},
    numpages = 164,
    year = 2008,
    ISBN = { 0-9546120-5-1},
}

