@comment{x-kbibtex-encoding=utf-8}

@comment{x-kbibtex-personnameformatting=<%f ><%l><, %s>}

@inproceedings{MyConfMIPT52,
    author = {Г.С. Речистов},
    booktitle = {{Труды 52-й научной конференции МФТИ}},
    issue = {1},
    journal = {Труды 52-й научной конференции МФТИ},
    pages = {101–103},
    title = {{Методика бинарной трансляции с динамической модификацией кода в {Intel} {Platform} {Simulator}}},
    volume = {1},
    year = 2009
}

@inproceedings{53conf-ilab,
    author = { Г.С. Речистов and Ю.В. Байда and М.В. Золотухин and Н.Е. Косарев and Е.С. Парамонов and А.А. Титов and Б.В. Шурыгин },
    booktitle = {{Труды 53-й научной конференции МФТИ <<Современные проблемы фундаментальных и прикладных наук>>}},
    city = {Москва},
    isbn = {978-5-7417-0397-7},
    issue = {1},
    journal = {Труды 53-й научной конференции МФТИ <<Современные проблемы фундаментальных и прикладных наук>>},
    pages = {34–35},
    title = {{Опыт подготовки студентов в учебно-исследовательской лаборатории {МФТИ}–{<<Интел>>}}},
    volume = {12},
    year = 2010
}

@inproceedings{53conf-trudy,
    title = {{Опыт подготовки студентов в учебно-исследовательской лаборатории {МФТИ}–{<<Интел>>}}},
    author = { Г.С. Речистов and Ю.В. Байда and М.В. Золотухин and Н.Е. Косарев and Е.С. Парамонов and А.А. Титов and Б.В. Шурыгин },
    booktitle = {Труды МФТИ},
    city = {Долгопрудный},
    issn = {2072-6759},
    pages = {168--170},
    volume = {3},
  number = {3(11)},
    year = 2011
}


@inproceedings{abrau2011,
    author = {Г.С. Речистов and А.А. Иванов and П.Л. Шишпор and В.М. Пентковский},
    booktitle = {{Труды международной суперкомпьютерной конференции и конференции молодых учёных <<Научный сервис в сети {Интернет}. Экзафлопсное будущее>>}},
    isbn = {978-5-211-06229-0},
    journal = {Труды международной суперкомпьютерной конференции и конференции молодых учёных <<Научный сервис в сети {Интернет}. Экзафлопсное будущее>>},
    pages = {143--146},
    title = {{Моделирование и исследование архитектуры многопроцессорной системы с использованием распределённой моделирующей среды {Graphite}}},
    url = {http://agora.guru.ru/abrau2011},
    year = 2011
}


@inproceedings{secr2011,
    author = {Г.С. Речистов and А.А. Иванов and П.Л. Шишпор and В.М. Пентковский},
    journal = {Труды конференции «Разработка ПО 2011» CEE-SECR 2011},
    booktitle = {Труды конференции «Разработка ПО 2011» CEE-SECR 2011},
    title = {{Моделирование компьютерного кластера на распределённом симуляторе. Верификация моделей вычислительных узлов и сети кластера.}},
    url = {http://2011.secr.ru/lang/ru-ru/talks/modeling-of-a-computer-cluster-on-a-distributed-simulator},
  year = 2011,
}

@inproceedings{54conf-mpi-sim,
    author = {Г.С. Речистов and А.А. Иванов and П.Л. Шишпор and В.М. Пентковский},
    booktitle = {{Труды 54-й научной конференции МФТИ <<Проблемы фундаментальных и прикладных естественных и технических наук в современном информационном обществе>>}},
    city = {Москва–Долгопрудный-Жуковский},
    isbn = {978-5-7417-0396-0},
    journal = {Труды 54-й научной конференции МФТИ <<Проблемы фундаментальных и прикладных естественных и технических наук в современном информационном обществе>>},
    location = {Москва--Долгопрудный--Жуковский},
    pages = {82–83},
    title = {{Симуляционный подход для нахождения производительности параллельных {MPI}-при\-ло\-же\-ний на вычислительном кластере}},
    volume = 01,
    year = {2011},
}

@inproceedings{54conf-linpack-survey,
    author = {Г.С. Речистов},
    booktitle = {{Труды 54-й научной конференции МФТИ <<Проблемы фундаментальных и прикладных естественных и технических наук в современном информационном обществе>>}},
    city = {Москва–Долгопрудный-Жуковский},
    isbn = {978-5-7417-0396-0},
    journal = {Труды 54-й научной конференции МФТИ <<Проблемы фундаментальных и прикладных естественных и технических наук в современном информационном обществе>>},
    pages = {71–72},
    title = {{Бенчмарк {LINPACK} для архитектуры {Intel} {IA-32}: существующие варианты, сравнительный анализ возможностей и демонстрируемой производительности}},
    volume = 01,
	year = 2011,
}

@book{bachelor11,
    author = {Г.С. Речистов},
    isbn = {978-3-8433-1652-1},
    numpages = 76,
    publisher = {LAP LAMBERT Aca\-de\-mic Publishing},
    title = {{Моделирование и оптимизация алгоритмов работы кэшей}},
    year = 2011,
	
}

@article{inftech1,
    author = {Н.С. Поливанов and Г.С. Речистов and А.А. Абдухаликов and В.М. Пентковский},
    journal = {Информационные технологии},
  number = 1,
  month = {January},
    pages = {46--50},
    title = {{Реализация инструментария для исследования сетевой производительности {MPI}-приложений на распределённом симуляторе}},
    year = 2013,
  issn = {1684-6400},
}

@article{inftech2,
    author = {Г.С. Речистов},
    title = {{Использование полноплатформенного имитационного моделирования суперкомпьютерной системы для определения производительности счётных приложений}},
    journal = {Информационные технологии},
    number = 3,
    pages = {29--32},
  month = {March},
    year = 2013,
  issn = {1684-6400},
}

@inproceedings{abrau2012,
    author = {Г.С. Речистов},
    journal = {Труды международной суперкомпьютерной конференции и конференции молодых учёных <<Научный сервис в сети {Интернет}. Поиск новых решений>>},
    booktitle = {Труды международной суперкомпьютерной конференции и конференции молодых учёных <<Научный сервис в сети {Интернет}. Поиск новых решений>>},
    pages = {671--675},
    title = {{О верхних и нижних границах оценок производительности многомашинных многопроцессорных комплексов на научных приложениях}},
    url = {http://agora.guru.ru/display.php?conf=abrau2012&page=item011},
  urldate = {2012-12-26},
    year = 2012,
  numpages = 752,
  publisher = {Издательство МГУ},
    isbn = {978-5-211-06394-5},
}

@article{issc2012,
  title = {Simulation and Performance Study of Large Scale Computer Cluster Con\-fi\-gu\-ra\-tion: Combined Multi-level Approach},
  journal = {Procedia Computer Science},
  volume = 9,
  number = 0,
  pages = {774 -- 783},
  year = 2012,
  note = {Proceedings of the International Conference on Com\-pu\-ta\-tio\-nal Science, ICCS 2012},
  issn = "1877-0509",
  doi = "10.1016/j.procs.2012.04.083",
  url = {http://www.sciencedirect.com/science/article/pii/S1877050912002049},
  author = {G.S. Rechistov and A.A. Ivanov and P.L. Shishpor and V.M. Pentkovski},
  publisher = {Elsevier},
  keywords = "simulation",
  keywords = "Simics",
  keywords = "cluster",
  keywords = "performance",
  keywords = "tracing",
  abstract = "In this paper we describe an approach used to study the functional aspects and estimate the performance of large (read “ten times more cores than currently available”) cluster computing system configurations running MPI applications. A combination of a functional simulation, performance models, traces analysis and real-world measurements is used to achieve these goals. We also present the first results of applying this methodology to actual applications of interest."
  
}

@article{progeng2012,
    author = {Г.С. Речистов and А.А. Иванов and П.Л. Шишпор and В.М. Пентковский},
    journal = {Программная инженерия},
  publisher = {Новые технологии},
    title = {Моделирование компьютерного кластера на распределённом симуляторе. Верификация моделей вычислительных узлов и сети кластера},
    url = {http://novtex.ru/pi.html},
  number = 6,
  pages = {24--29},
  year = 2012,
  issn = {2220-3397},
}

@book{sim-lectures,
    author = {Г.С. Речистов and А.А. Иванов and П.Л. Шишпор and Н.Н. Щелкунов and Д.А. Гаврилов and В.М. Пентковский},
    month = {December},
    title = {Основы программного моделирования ЭВМ. Учебное пособие},
    city = {Долгопрудный},
    publisher = {Издательство МФТИ},
    url = {http://iscalare.mipt.ru/materials/course_materials},
    urldate = {2012-12-10},
    year = 2012,
  numpages = 167,
  isbn = {978-5-7417-0469-1},
}
 

@book{simulation-methodology-2012,
    title = {Изучение производительности приложений на вычислительных кластерах с помощью компьютерного моделирования. Методология и руководство к применению},
    author = {Г.С. Речистов and Д.А. Гаврилов and А.А. Иванов and П.Л. Шишпор and Н.Н. Щелкунов and В.М. Пентковский and Е.А. Юлюгин and А.А. Абдухаликов and А.В. Павлов and Е.Н. Соболев},
    numpages = 148,
    year = 2012,
  city = {Москва},
  publisher = {Спутник+},
    isbn = {978-5-9973-2215-1},
}

@conference{swpc2012,
  title = {{HPC} Cluster Simulation with Simics},
  author = {G. Rechistov and A. Ivanov and P. Shishpor and V. Pentkovski},
  conference = {Intel Software Professionals Conference (SWPC 2012)},  
    notes = {Intel Software Professionals Conference (SWPC 2012)},
  city = {Nizhny Novgorod},
  month = {October},
  year = 2012,
}

@conference{mipt-computing2012,
  author = {Г.С. Речистов},
  title = {Производительность суперкомпьютеров: от попугаев Linpack реальной эффективности},
  conference = {Высокопроизводительные системы. Использование, проблемно-ориентированное проектирование},
  year = 2012,
  month = {December},
  city = {Долгопрудный},
}

@inproceedings{55conf-gromacs,
    author = {Н.Н. Щелкунов and Д.А. Гаврилов and Г.С. Речистов and А.А. Абдухаликов},
    booktitle = {Труды 55-й научной конференции МФТИ <<Проблемы фундаментальных и прикладных естественных и технических наук в современном информационном обществе>>},
    city = {Москва–Долгопрудный-Жуковский},
    isbn = {978-5-7417-0481-3},
    journal = {Труды 55-й научной конференции МФТИ <<Проблемы фундаментальных и прикладных естественных и технических наук в современном информационном обществе>>},
    location = {Москва--Долгопрудный--Жуковский},
    pages = {14--15},
    title = {Анализ производительности системы при выполнении программы Gromacs},
    volume = 01,
    year = {2012}
}

@inproceedings{55conf-netsim,
    author = {Е.А. Юлюгин and Г.С. Речистов and А.А. Иванов},
    booktitle = {Труды 55-й научной конференции МФТИ <<Проблемы фундаментальных и прикладных естественных и технических наук в современном информационном обществе>>},
    city = {Москва–Долгопрудный-Жуковский},
    isbn = {978-5-7417-0481-3},
    journal = {Труды 55-й научной конференции МФТИ <<Проблемы фундаментальных и прикладных естественных и технических наук в современном информационном обществе>>},
    location = {Москва--Долгопрудный--Жуковский},
    pages = {81--82},
    title = {Моделирование нагрузки на сетевое оборудование},
    volume = 01,
    year = {2012}
}

@article{network-simulation,
  author = {Е.А.~Юлюгин and Г.С.~Речистов and А.Л.~Плоткин},
  title = {Моделирование нагрузки на сетевое оборудование. Изучение влияния топологии сети на производительность приложений молекулярной динамики},
  pages = {48--51},
  journal = {Информационные технологии},
  publisher = {Новые технологии},
  number = {12},
  year = {2013},
  isbn = {1684-6400},
}

@article{iccs2013,
  title = "Implementation of Intel Restricted Transactional Memory {ISA} Extension in {Simics}",
  journal = "Procedia Computer Science",
  volume = "18",
  number = "0",
  pages = "1804 - 1813",
  year = "2013",
  note = "2013 International Conference on Computational Science",
  issn = "1877-0509",
  doi = "http://dx.doi.org/10.1016/j.procs.2013.05.349",
  url = "http://www.sciencedirect.com/science/article/pii/S1877050913004924",
  author = "Grigory Rechistov and Arnold Plotkin",
  keywords = "simulation",
  keywords = "Simics",
  keywords = "hardware transactional memory",
  keywords = "RTM",
  keywords = "TSX",
} 


@book{sim-lectures-2nd-ed,
    author = {Г.С. Речистов and Е.А. Юлюгин and А.А. Иванов and П.Л. Шишпор and Н.Н. Щелкунов and Д.А. Гаврилов},
    month = {October},
    title = {Основы программного моделирования ЭВМ: Учебное пособие},
    edition = {2-е изд., испр. и доп.},
    city = {Долгопрудный},
    publisher = {Издательство МФТИ},
    url = {http://iscalare.mipt.ru/materials/course_materials},
    urldate = {2013-09-25},
    year = 2013,
  numpages = 222,
  isbn = {978-5-7417-0444-8},
}

@book{simlabs2013,
  title = {Лабораторный практикум по программному моделированию},
  author = {Е.А. Юлюгин and Г.С. Речистов and Н.Н. Щелкунов and Д.А. Гаврилов},
  city = {Москва},
  publisher = {МФТИ},
  year= 2013,
  numpages = {55},
}

@article{itj2013-simics,
  author = {Grigory Rechistov},
  title = {Simics* on Shared Computing Clusters: the Practical Experience of Integration and Scalability},
  year = 2013,
  month = {September},
  pages = {126--137},
  issue = {2},
  volume = {17},
  journal = {Intel Technology Journal},
  ISBN = {978-1-934053-62-1},
  ISSN = {1535-864X},
  publisher = {Intel Press},
  url = {https://noggin.intel.com/technology-journal/2013/172/simics-unleashed-%E2%80%93-applications-virtual-platforms},
  urldate = {2013-12-06},
}

@inproceedings{56conf-hle,
    author = {К.В. Ашейчик and Г.С. Речистов},
    booktitle = {Труды 56-й научной конференции МФТИ <<Актуальные проблемы фундаментальных и прикладных наук в современном информационном обществе>>, Всероссийской молодежной научно-инновационной конференции <<Физико-математические науки: актуальные проблемы и их решения>>. Радиотехника и кибернетика},
    city = {Москва–Долгопрудный-Жуковский},
    isbn = {978-5-7417-0492-9},
    journal = {Труды 56-й научной конференции МФТИ <<Актуальные проблемы фундаментальных и прикладных наук в современном информационном обществе>>, Всероссийской молодежной научно-инновационной конференции <<Физико-математические науки: актуальные проблемы и их решения>>. Радиотехника и кибернетика},
    location = {Москва--Долгопрудный--Жуковский},
    pages = {82--84},
    title = {Реализация поддержки механизма элизии для транзакционной памяти в функциональном симуляторе},
    volume = 01,
    year = {2013},
}

@inproceedings{56conf-decoder,
    author = {Е.А. Юлюгин and Г.С. Речистов},
    booktitle = {Труды 56-й научной конференции МФТИ <<Актуальные проблемы фундаментальных и прикладных наук в современном информационном обществе>>, Всероссийской молодежной научно-инновационной конференции <<Физико-математические науки: актуальные проблемы и их решения>>. Радиотехника и кибернетика},
    city = {Москва–Долгопрудный-Жуковский},
    isbn = {978-5-7417-0492-9},
    journal = {Труды 56-й научной конференции МФТИ <<Актуальные проблемы фундаментальных и прикладных наук в современном информационном обществе>>, Всероссийской молодежной научно-инновационной конференции <<Физико-математические науки: актуальные проблемы и их решения>>. Радиотехника и кибернетика},
    location = {Москва--Долгопрудный--Жуковский},
    pages = {76--78},
    title = {О задаче декодирования машинных инструкций в функциональном симуляторе},
    volume = 01,
    year = {2013},
}

@inproceedings{56conf-parsim,
    author = {О.Т. Гареева and Г.С. Речистов},
    booktitle = {Труды 56-й научной конференции МФТИ <<Актуальные проблемы фундаментальных и прикладных наук в современном информационном обществе>>, Всероссийской молодежной научно-инновационной конференции <<Физико-математические науки: актуальные проблемы и их решения>>. Радиотехника и кибернетика},
    city = {Москва–Долгопрудный-Жуковский},
    isbn = {978-5-7417-0492-9},
    journal = {Труды 56-й научной конференции МФТИ <<Актуальные проблемы фундаментальных и прикладных наук в современном информационном обществе>>, Всероссийской молодежной научно-инновационной конференции <<Физико-математические науки: актуальные проблемы и их решения>>. Радиотехника и кибернетика},
    location = {Москва--Долгопрудный--Жуковский},
    pages = {84--85},
    title = {Методика исследования достижимого ускорения в оптимистичной многопоточной симуляции вычислительных систем},
    volume = 01,
    year = {2013},
}

@inproceedings{cdio2014-mipt,
    title = {Computer Engineering Educational Projects of {MIPT-Intel} laboratory in the context of {CDIO}},
    author = {Grigory Rechistov and Arnold Plotkin},
    year = 2014,
    conference = {10th International CDIO Conference},
    organization = {Universitat Politècnica de Catalunya}, 
    city = {Barcelona, Spain},
    month = {June},
    year = 2014,
    
    note = {unpublished},
}

@book{distrib-computations-rus,
	author = {М.С.~Косяков}, 
	title = {Введение в распределенные вычисления}
    city = {СПб}
	publisher = {НИУ ИТМО}
	year = 2014,
	numpages =  155,
	url = {http://books.ifmo.ru/book/1403/vvedenie_v_raspredelennye_vychisleniya.htm},
	urldate = {2014-08-07},

}

@article{lcg-tables1998,
    author = {Pierre L'Ecuyer},
    title = {Tables Of Linear Congruential Generators Of Different Sizes And Good Lattice Structure},
    year = {1999},
    url = {http://citeseerx.ist.psu.edu/viewdoc/summary?doi=10.1.1.34.1024},
    numpages = 12,
    journal = {Mathematics of Computation},
    pages = {249--260},
    number = 225,
    volume = 68,
}

