@comment{Contents has been migrated to collection.bib. Do not use this file anymore}
